@article{dom09:eff,
    author  = "M. Domazet-Lo\u{s}o and B. Haubold",
    title   = "Efficient estimation of pairwise distances between genomes",
    year    = "2009",
    journal = "Bioinformatics",
    volume  = "submitted"
}

@misc{gal05:gnu,
    author  = "M. Galassi and J. Davies and J. Theiler and B. Gough and G. Jungman and M. Booth and F. Rossi",
    title   = "GNU Scientific Library Reference Manual",
    year    = "2005",
    howpublished = "Network Theory Ltd 1.6, for gsl version 1.6, 17 March 2005 edition"
}

@article{hau09:est,
    author  = "B. Haubold and P. Pfaffelhuber and M. Domazet-Lo\u{s}o and T. Wiehe",
    title   = "Estimating mutation distances from unaligned genomes",
    year    = "2009",
    journal = "Journal of Computational Biology",
    volume  = "in press"
}

