
@InProceedings{	  man02:eng,
  author	= {Manzini, G. and Ferragina, P.},
  title		= {Engineering a Lightweight Suffix Array Construction
		  Algorithm},
  booktitle	= {ESA '02: Proceedings of the 10th Annual European Symposium
		  on Algorithms},
  year		= {2002},
  isbn		= {3-540-44180-8},
  pages		= {698--710},
  publisher	= {Springer-Verlag},
  address	= {London, UK}
}
